@inproceedings{MAP,
  author    = {Tomi Silander and
               Petri Kontkanen and
               Petri Myllym{\"a}ki},
  title     = {On Sensitivity of the MAP Bayesian Network Structure to
               the Equivalent Sample Size Parameter},
  booktitle = {UAI},
  year      = {2007},
  pages     = {360-367},
  ee        = {http://uai.sis.pitt.edu/displayArticleDetails.jsp?mmnu=1{\&}smnu=2{\&}article_id=1710{\&}proceeding_id=23},
  crossref  = {DBLP:conf/uai/2007},
  bibsource = {DBLP, http://dblp.uni-trier.de}
}

@article{hcg,
  title={Learning Bayesian networks: The combination of knowledge and statistical data},
  author={Heckerman, David and Geiger, Dan and Chickering, David M},
  journal={Machine learning},
  volume={20},
  number={3},
  pages={197--243},
  year={1995},
  publisher={Springer}
}

@inproceedings{prior_network,
  author    = {David Heckerman and
               Dan Geiger and
               David Maxwell Chickering},
  title     = {Learning Bayesian Networks: The Combination of Knowledge
               and Statistical Data},
  booktitle = {UAI},
  year      = {1994},
  pages     = {293-301},
  ee        = {http://uai.sis.pitt.edu/displayArticleDetails.jsp?mmnu=1{\&}smnu=2{\&}article_id=516{\&}proceeding_id=10},
  crossref  = {DBLP:conf/uai/1994},
  bibsource = {DBLP, http://dblp.uni-trier.de}
}

@article{Bio,
  title={Empirical evaluation of scoring functions for Bayesian network model selection},
  author={Liu, Zhifa and Malone, Brandon and Yuan, Changhe},
  journal={BMC Bioinformatics},
  volume={13},
  number={15},
  pages={1--16},
  year={2012},
  publisher={Springer}
}

@InCollection{original,
author  = "Heckerman",
year = "2002",
title = "Graphical Models: Structure Learning",
booktitle  = "The Handbook of Brain Theory and Neural Networks (2nd
edition)",
publisher  = "MIT Press",
pdf = {http://mlg.eng.cam.ac.uk/zoubin/course04/hbtnn2e-III.pdf}
}

@inproceedings{buntine,
  author    = {Wray L. Buntine},
  title     = {Theory Refinement on Bayesian Networks},
  booktitle = {UAI},
  year      = {1991},
  pages     = {52-60},
  ee        = {http://uai.sis.pitt.edu/displayArticleDetails.jsp?mmnu=1{\&}smnu=2{\&}article_id=679{\&}proceeding_id=7},
  crossref  = {DBLP:conf/uai/1991},
  bibsource = {DBLP, http://dblp.uni-trier.de}
}

@article{cooper,
  title={A Bayesian method for the induction of probabilistic networks from data},
  author={Cooper, Gregory F and Herskovits, Edward},
  journal={Machine learning},
  volume={9},
  number={4},
  pages={309--347},
  year={1992},
  publisher={Springer}
}

@article{spiegelhalter,
ajournal = "Statist. Sci.",
author = "Spiegelhalter, David J. and Dawid, A. Philip and Lauritzen, Steffen L. and Cowell, Robert G.",
doi = "10.1214/ss/1177010888",
journal = "Statistical Science",
month = "08",
number = "3",
pages = "219--247",
publisher = "The Institute of Mathematical Statistics",
title = "Bayesian Analysis in Expert Systems",
url = "http://dx.doi.org/10.1214/ss/1177010888",
volume = "8",
year = "1993"
}

